@article{Popek:1974:FRV:361011.361073,
 author = {Popek, Gerald J. and Goldberg, Robert P.},
 title = {Formal Requirements for Virtualizable Third Generation Architectures},
 journal = {Commun. ACM},
 issue_date = {July 1974},
 volume = {17},
 number = {7},
 month = jul,
 year = {1974},
 issn = {0001-0782},
 pages = {412--421},
 numpages = {10},
 url = {http://doi.acm.org/10.1145/361011.361073},
 doi = {10.1145/361011.361073},
 acmid = {361073},
 publisher = {ACM},
 address = {New York, NY, USA},
 keywords = {abstract model, formal requirements, hypervisor, operating system, proof, sensitive instruction, third generation architecture, virtual machine, virtual machine monitor, virtual memory},
} 


@article{Mittal:2013:EVE:2499368.2451163,
 author = {Mittal, Aashish and Bansal, Dushyant and Bansal, Sorav and Sethi, Varun},
 title = {Efficient Virtualization on Embedded Power Architecture\&\#174; Platforms},
 journal = {SIGPLAN Not.},
 issue_date = {April 2013},
 volume = {48},
 number = {4},
 month = mar,
 year = {2013},
 issn = {0362-1340},
 pages = {445--458},
 numpages = {14},
 url = {http://doi.acm.org/10.1145/2499368.2451163},
 doi = {10.1145/2499368.2451163},
 acmid = {2451163},
 publisher = {ACM},
 address = {New York, NY, USA},
 keywords = {adaptive data mirroring, adaptive page resizing, architecture design, code patching, dynamic binary translation, in-place binary translation, power architecture platforms, read/write tracing, tlb, virtual machine monitor, virtualization},
} 

@article{Barr:2010:VMV:1899928.1899945,
 author = {Barr, Ken and Bungale, Prashanth and Deasy, Stephen and Gyuris, Viktor and Hung, Perry and Newell, Craig and Tuch, Harvey and Zoppis, Bruno},
 title = {The VMware Mobile Virtualization Platform: Is That a Hypervisor in Your Pocket?},
 journal = {SIGOPS Oper. Syst. Rev.},
 issue_date = {December 2010},
 volume = {44},
 number = {4},
 month = dec,
 year = {2010},
 issn = {0163-5980},
 pages = {124--135},
 numpages = {12},
 url = {http://doi.acm.org/10.1145/1899928.1899945},
 doi = {10.1145/1899928.1899945},
 acmid = {1899945},
 publisher = {ACM},
 address = {New York, NY, USA},
} 

@ARTICLE{7006388, 
author={YaoZu Dong and JunJie Mao and HaiBing Guan and Jian Li and Yu Chen}, 
journal={Micro, IEEE}, 
title={A Virtualization Solution for BYOD With Dynamic Platform Context Switching}, 
year={2015}, 
month={Jan}, 
volume={35}, 
number={1}, 
pages={34-43}, 
keywords={Bring Your Own Device;authorisation;embedded systems;virtualisation;BYOD;Bring Your Own Device scenario;company privileged information isolation;display size;dynamic platform context switching;embedded virtualization platform design;mobile devices;power consumption;unauthentic applications;unauthorized employee access;usage scenarios;vNative architecture design;Benchmark testing;Bring your own device;Context modeling;Embedded systems;Memory management;Mobile communication;Virtual machine monitors;Virtualization;BYOD;bring your own device;context switch;hardware-software codesign;mobile virtualization;virtual machine}, 
doi={10.1109/MM.2015.3}, 
ISSN={0272-1732},
}

@inproceedings{Heiser:2011:VES:2024724.2024925,
 author = {Heiser, Gernot},
 title = {Virtualizing Embedded Systems: Why Bother?},
 booktitle = {Proceedings of the 48th Design Automation Conference},
 series = {DAC '11},
 year = {2011},
 isbn = {978-1-4503-0636-2},
 location = {San Diego, California},
 pages = {901--905},
 numpages = {5},
 url = {http://doi.acm.org/10.1145/2024724.2024925},
 doi = {10.1145/2024724.2024925},
 acmid = {2024925},
 publisher = {ACM},
 address = {New York, NY, USA},
 keywords = {hypervisors, processor consolidation, safety, security, virtual machines, virtualization},
} 

@inproceedings{Dall:2014:KDI:2541940.2541946,
 author = {Dall, Christoffer and Nieh, Jason},
 title = {KVM/ARM: The Design and Implementation of the Linux ARM Hypervisor},
 booktitle = {Proceedings of the 19th International Conference on Architectural Support for Programming Languages and Operating Systems},
 series = {ASPLOS '14},
 year = {2014},
 isbn = {978-1-4503-2305-5},
 location = {Salt Lake City, Utah, USA},
 pages = {333--348},
 numpages = {16},
 url = {http://doi.acm.org/10.1145/2541940.2541946},
 doi = {10.1145/2541940.2541946},
 acmid = {2541946},
 publisher = {ACM},
 address = {New York, NY, USA},
 keywords = {arm, hypervisors, linux, multicore, operating systems, virtualization},
}

@inproceedings{kVM-for-ARM,
author = {Dall, Christoffer and Nieh, Jason},
title = {KVM for ARM},
booktitle = {Proceedings of the Ottawa Linux Symposium},
year = {2010},
month = {July},
pages = {45--56},
}

